@inproceedings{DBLP:conf/ecoop/BurckhardtLPF15,
  author    = {Sebastian Burckhardt and
               Daan Leijen and
               Jonathan Protzenko and
               Manuel F{\"{a}}hndrich},
  title     = {Global Sequence Protocol: {A} Robust Abstraction for Replicated Shared
               State},
  booktitle = {29th European Conference on Object-Oriented Programming, {ECOOP} 2015,
               July 5-10, 2015, Prague, Czech Republic},
  pages     = {568--590},
  year      = {2015},
  crossref  = {DBLP:conf/ecoop/2015},
  url       = {http://dx.doi.org/10.4230/LIPIcs.ECOOP.2015.568},
  doi       = {10.4230/LIPIcs.ECOOP.2015.568},
  timestamp = {Mon, 29 Jun 2015 15:28:15 +0200},
  biburl    = {http://dblp.uni-trier.de/rec/bib/conf/ecoop/BurckhardtLPF15},
  bibsource = {dblp computer science bibliography, http://dblp.org}
}

@proceedings{DBLP:conf/ecoop/2015,
  editor    = {John Tang Boyland},
  title     = {29th European Conference on Object-Oriented Programming, {ECOOP} 2015,
               July 5-10, 2015, Prague, Czech Republic},
  series    = {LIPIcs},
  volume    = {37},
  publisher = {Schloss Dagstuhl - Leibniz-Zentrum fuer Informatik},
  year      = {2015},
  url       = {http://www.dagstuhl.de/dagpub/978-3-939897-86-6},
  isbn      = {978-3-939897-86-6},
  timestamp = {Mon, 29 Jun 2015 15:27:23 +0200},
  biburl    = {http://dblp.uni-trier.de/rec/bib/conf/ecoop/2015},
  bibsource = {dblp computer science bibliography, http://dblp.org}
}


@article{DBLP:journals/ftpl/Burckhardt14,
  author    = {Sebastian Burckhardt},
  title     = {Principles of Eventual Consistency},
  journal   = {Foundations and Trends in Programming Languages},
  volume    = {1},
  number    = {1-2},
  pages     = {1--150},
  year      = {2014},
  url       = {http://dx.doi.org/10.1561/2500000011},
  doi       = {10.1561/2500000011},
  timestamp = {Wed, 26 Nov 2014 19:39:47 +0100},
  biburl    = {http://dblp.uni-trier.de/rec/bib/journals/ftpl/Burckhardt14},
  bibsource = {dblp computer science bibliography, http://dblp.org}
}


@inproceedings{DBLP:conf/esop/BurckhardtLFS12,
  author    = {Sebastian Burckhardt and
               Daan Leijen and
               Manuel F{\"{a}}hndrich and
               Mooly Sagiv},
  title     = {Eventually Consistent Transactions},
  booktitle = {Programming Languages and Systems - 21st European Symposium on Programming,
               {ESOP} 2012, Held as Part of the European Joint Conferences on Theory
               and Practice of Software, {ETAPS} 2012, Tallinn, Estonia, March 24
               - April 1, 2012. Proceedings},
  pages     = {67--86},
  year      = {2012},
  crossref  = {DBLP:conf/esop/2012},
  url       = {http://dx.doi.org/10.1007/978-3-642-28869-2_4},
  doi       = {10.1007/978-3-642-28869-2_4},
  timestamp = {Fri, 23 Mar 2012 15:26:14 +0100},
  biburl    = {http://dblp.uni-trier.de/rec/bib/conf/esop/BurckhardtLFS12},
  bibsource = {dblp computer science bibliography, http://dblp.org}
}


@proceedings{DBLP:conf/esop/2012,
  editor    = {Helmut Seidl},
  title     = {Programming Languages and Systems - 21st European Symposium on Programming,
               {ESOP} 2012, Held as Part of the European Joint Conferences on Theory
               and Practice of Software, {ETAPS} 2012, Tallinn, Estonia, March 24
               - April 1, 2012. Proceedings},
  series    = {Lecture Notes in Computer Science},
  volume    = {7211},
  publisher = {Springer},
  year      = {2012},
  url       = {http://dx.doi.org/10.1007/978-3-642-28869-2},
  doi       = {10.1007/978-3-642-28869-2},
  isbn      = {978-3-642-28868-5},
  timestamp = {Fri, 23 Mar 2012 15:22:11 +0100},
  biburl    = {http://dblp.uni-trier.de/rec/bib/conf/esop/2012},
  bibsource = {dblp computer science bibliography, http://dblp.org}
}

